<?xml version="1.0" encoding="UTF-8"?><collection xmlns="http://www.loc.gov/MARC21/slim"><record><leader>00459nam--2200133-i-4500</leader><controlfield tag="001">000005716</controlfield><controlfield tag="002">20161230</controlfield><controlfield tag="005">20161230201026</controlfield><controlfield tag="008">060222s1000------------r-----000-0-eng-d</controlfield><datafield ind1=" " ind2=" " tag="100"><subfield code="a">Barclay, F.J., Mcenhill, J.J</subfield></datafield><datafield ind1=" " ind2=" " tag="245"><subfield code="a">The operation and utilisation of the research reactor herald</subfield></datafield><datafield ind1=" " ind2=" " tag="260"><subfield code="a">Aldermaston, Atomic Weapons Res.Establ.,1961. 27 P. + 4 Fig</subfield></datafield><datafield ind1=" " ind2=" " tag="490"><subfield code="a">Vienna Symposium On The Programming And Utili Sation Of Research Reactors</subfield></datafield><datafield ind1=" " ind2=" " tag="852"><subfield code="a">16893</subfield></datafield></record></collection>